@book{robert2007bayesian,
  title={The Bayesian choice: from decision-theoretic foundations to computational implementation},
  author={Robert, Christian},
  year={2007},
  publisher={Springer Science \& Business Media},
  edition={2}
}
